@misc{1,
 author = {Erin,Schumaker},
 title = {Extensive contact tracing, isolation controlled coronavirus spread in Shenzhen, China: Study},
 howpublished = "\url{https://abcnews.go.com/Health/extensive-contract-tracing-isolation-controlled-covid-19-spread/story?id=70368146}",
 month = apr,
 day = 28,
 year = 2020
}

@misc{2,
 author = { Russell,Brandom and Adi,Robertson },
 title = {Extensive contact tracing, isolation controlled coronavirus spread in Shenzhen, China: Study},
 howpublished = "\url{https://www.theverge.com/2020/4/10/21216484/google-apple-coronavirus-contract-tracing-bluetooth-location-tracking-data-app}",
 month = apr,
 day = 10,
 year = 2020
}

@misc{3,
 author = { Yongping,Du and Chencheng,Wang and Yanlei,Qiao and Dongyue,Zhao and  Wenyang,Guo},
 title = {A geographical location prediction method based on continuous time series Markov model},
 howpublished = "\url{https://www.ncbi.nlm.nih.gov/pmc/articles/PMC6242315/}",
 month = nov,
 day = 19,
 year = 2018
}

@misc{4,
 author = { Linyuan,Xia and Qiumei,Huang and Dongjin,Wu },
 title = {Decision Tree-Based Contextual Location Prediction from Mobile Device Logs},
 howpublished = "\url{https://www.hindawi.com/journals/misy/2018/1852861/}",
 month = apr,
 day = 1,
 year = 2018
}

@misc{5,
 author = { Aleksandra,Korolova and Vinod,Sharma },
 title = {Cross-App Tracking Via Nearby Bluetooth Low Energy Devices},
 howpublished = "\url{https://www.ftc.gov/system/files/documents/public_comments/2017/01/00078-132298.pdf}",
 month = jan,
 day = 12,
 year = 2017
}

@misc{6,
 author = { Luca,Ferretti and Chris,Wymant and Michelle,Kendall and Lele,Zhao1 and Anel,Nurtay and Lucie,Abeler-DÃ¶rner and Michael,Parker and David,Bonsall and Christophe,Fraser },
 title = {Quantifying SARS-CoV-2 transmission suggests epidemic control with digital contact tracing},
 howpublished = "\url{https://science.sciencemag.org/content/early/2020/04/09/science.abb6936}",
 month = mar,
 day = 31,
 year = 2020
}

@misc{7,
 author = { Mohamamd,Rezaei },
 title = {Real-Time Clustering of Large Geo-Referenced Data for Visualizing on Map},
 howpublished = "\url{https://www.researchgate.net/publication/329337162_Real-Time_Clustering_of_Large_Geo-Referenced_Data_for_Visualizing_on_Map}",
 month = nov,
 day = 18,
 year = 2018
}